<?xml version="1.0" encoding="UTF-8"?><collection xmlns="http://www.loc.gov/MARC21/slim"><record><leader>00336nam--2200133-i-4500</leader><controlfield tag="001">000022965</controlfield><controlfield tag="002">20161230</controlfield><controlfield tag="005">20161230201034</controlfield><controlfield tag="008">060222s1000------------r-----000-0-eng-d</controlfield><datafield ind1=" " ind2=" " tag="080"><subfield code="a">621.375.8</subfield></datafield><datafield ind1=" " ind2=" " tag="100"><subfield code="a">Howsoon, D.P. And Smith, R.B</subfield></datafield><datafield ind1=" " ind2=" " tag="245"><subfield code="a">Parametric amplifiers</subfield></datafield><datafield ind1=" " ind2=" " tag="260"><subfield code="a">London, Mc-graw-hill, 1970. Viii + 165p</subfield></datafield><datafield ind1=" " ind2=" " tag="852"><subfield code="a">32840</subfield></datafield></record></collection>